@book{BaierKatoen2008,
  author    = {Christel Baier and Joost{-}Pieter Katoen},
  title     = {Principles of Model Checking},
  year      = {2008},
  publisher = {MIT Press},
  address   = {Cambridge, MA}
}

@book{ClarkeGrumbergPeled1999,
  author    = {Edmund M. Clarke and Orna Grumberg and Doron A. Peled},
  title     = {Model Checking},
  year      = {1999},
  publisher = {MIT Press},
  address   = {Cambridge, MA}
}

@article{Kozen1983,
  author  = {Dexter Kozen},
  title   = {Results on the propositional {$\mu$}-calculus},
  journal = {Theoretical Computer Science},
  volume  = {27},
  pages   = {333--354},
  year    = {1983}
}

@incollection{BradfieldStirling2007,
  author    = {Julian Bradfield and Colin Stirling},
  title     = {The modal {$\mu$}-calculus},
  booktitle = {Handbook of Modal Logic},
  publisher = {Elsevier},
  year      = {2007}
}

@book{BlackburnDeRijkeVenema2001,
  author    = {Patrick Blackburn and Maarten de Rijke and Yde Venema},
  title     = {Modal Logic},
  year      = {2001},
  publisher = {Cambridge University Press},
  address   = {Cambridge}
}

@incollection{Giry1982,
  author    = {Mich{\`e}le Giry},
  title     = {A categorical approach to probability theory},
  booktitle = {Categorical Aspects of Topology and Analysis},
  series    = {Lecture Notes in Mathematics},
  volume    = {915},
  publisher = {Springer},
  address   = {Berlin, Heidelberg},
  year      = {1982}
}

@article{Fritz2020,
  author  = {Tobias Fritz},
  title   = {A synthetic approach to Markov kernels},
  journal = {Advances in Mathematics},
  volume  = {370},
  pages   = {107239},
  year    = {2020}
}

@article{Jacobs2011,
  author  = {Bart Jacobs},
  title   = {Probabilities, distribution monads, and semantics of probabilistic programs},
  journal = {Theoretical Computer Science},
  volume  = {412},
  number  = {28},
  pages   = {3323--3336},
  year    = {2011}
}

@inproceedings{Staton2017,
  author    = {Sam Staton},
  title     = {Commutative semantics for probabilistic programming},
  booktitle = {European Symposium on Programming (ESOP)},
  year      = {2017}
}

@book{MeynTweedie2009,
  author    = {Sean P. Meyn and Richard L. Tweedie},
  title     = {Markov Chains and Stochastic Stability},
  edition   = {2},
  year      = {2009},
  publisher = {Cambridge University Press},
  address   = {Cambridge}
}

@book{LevinPeresWilmer2009,
  author    = {David A. Levin and Yuval Peres and Elizabeth L. Wilmer},
  title     = {Markov Chains and Mixing Times},
  year      = {2009},
  publisher = {American Mathematical Society},
  address   = {Providence, RI}
}

@book{Norris1998,
  author    = {J. R. Norris},
  title     = {Markov Chains},
  year      = {1998},
  publisher = {Cambridge University Press},
  address   = {Cambridge}
}

@article{Hajek1982,
  author  = {Bruce Hajek},
  title   = {Hitting-time and occupation-time bounds implied by drift analysis},
  journal = {Advances in Applied Probability},
  volume  = {14},
  pages   = {502--525},
  year    = {1982}
}

@book{KemenySnell1976,
  author    = {John G. Kemeny and J. Laurie Snell},
  title     = {Finite Markov Chains},
  edition   = {2},
  year      = {1976},
  publisher = {Springer},
  address   = {New York}
}

@book{Seneta2006,
  author    = {E. Seneta},
  title     = {Non-Negative Matrices and Markov Chains},
  edition   = {Revised},
  year      = {2006},
  publisher = {Springer},
  address   = {New York}
}

@article{DeuflhardWeber2005,
  author  = {Peter Deuflhard and Marcus Weber},
  title   = {Robust Perron cluster analysis in conformation dynamics},
  journal = {Linear Algebra and its Applications},
  volume  = {398},
  pages   = {161--184},
  year    = {2005}
}

@inproceedings{LiWalshLittman2006,
  author    = {Lihong Li and Thomas J. Walsh and Michael L. Littman},
  title     = {Towards a Unified Theory of State Abstraction for {MDP}s},
  booktitle = {Proceedings of the 23rd International Conference on Machine Learning (ICML)},
  year      = {2006}
}

@book{Kato1995,
  author    = {Tosio Kato},
  title     = {Perturbation Theory for Linear Operators},
  edition   = {Reprint of 2nd ed.},
  year      = {1995},
  publisher = {Springer},
  address   = {Berlin, Heidelberg}
}

@book{StewartSun1990,
  author    = {G. W. Stewart and Ji-guang Sun},
  title     = {Matrix Perturbation Theory},
  year      = {1990},
  publisher = {Academic Press},
  address   = {San Diego, CA}
}

@book{DemboZeitouni1998,
  author    = {Amir Dembo and Ofer Zeitouni},
  title     = {Large Deviations Techniques and Applications},
  edition   = {2},
  year      = {1998},
  publisher = {Springer},
  address   = {New York}
}

@article{DonskerVaradhan1975,
  author  = {Monroe D. Donsker and S. R. Srinivasa Varadhan},
  title   = {Asymptotic evaluation of certain Markov process expectations for large time},
  journal = {Communications on Pure and Applied Mathematics},
  volume  = {28},
  pages   = {1--47},
  year    = {1975}
}

@book{Ellis1985,
  author    = {Richard S. Ellis},
  title     = {Entropy, Large Deviations, and Statistical Mechanics},
  year      = {1985},
  publisher = {Springer},
  address   = {New York}
}

@book{CoverThomas2006,
  author    = {Thomas M. Cover and Joy A. Thomas},
  title     = {Elements of Information Theory},
  edition   = {2},
  year      = {2006},
  publisher = {Wiley},
  address   = {Hoboken, NJ}
}

@book{LehmannCasella1998,
  author    = {Erich L. Lehmann and George Casella},
  title     = {Theory of Point Estimation},
  edition   = {2},
  year      = {1998},
  publisher = {Springer},
  address   = {New York}
}

@article{Blackwell1953,
  author  = {David Blackwell},
  title   = {Equivalent comparisons of experiments},
  journal = {Annals of Mathematical Statistics},
  volume  = {24},
  pages   = {265--272},
  year    = {1953}
}

@book{AmariNagaoka2000,
  author    = {Shun{-}ichi Amari and Hiroshi Nagaoka},
  title     = {Methods of Information Geometry},
  year      = {2000},
  publisher = {American Mathematical Society},
  address   = {Providence, RI}
}

@book{Puterman1994,
  author    = {Martin L. Puterman},
  title     = {Markov Decision Processes: Discrete Stochastic Dynamic Programming},
  year      = {1994},
  publisher = {Wiley},
  address   = {New York}
}

@book{Altman1999,
  author    = {Eitan Altman},
  title     = {Constrained Markov Decision Processes},
  year      = {1999},
  publisher = {Chapman \& Hall/CRC},
  address   = {Boca Raton, FL}
}

@article{Todorov2009,
  author  = {Emanuel Todorov},
  title   = {Efficient computation of optimal actions},
  journal = {Proceedings of the National Academy of Sciences},
  volume  = {106},
  number  = {28},
  pages   = {11478--11483},
  year    = {2009}
}

@article{Kappen2005,
  author  = {Hilbert J. Kappen},
  title   = {Path integrals and symmetry breaking for optimal control theory},
  journal = {Journal of Statistical Mechanics: Theory and Experiment},
  year    = {2005},
  pages   = {P11011}
}

@inproceedings{McAllester1999,
  author    = {David A. McAllester},
  title     = {{PAC}-Bayesian model averaging},
  booktitle = {Proceedings of the 12th Annual Conference on Computational Learning Theory (COLT)},
  year      = {1999}
}

@book{Catoni2007,
  author    = {Olivier Catoni},
  title     = {{PAC}-Bayesian Supervised Classification: The Thermodynamics of Statistical Learning},
  year      = {2007},
  publisher = {Institute of Mathematical Statistics},
  address   = {Beachwood, OH}
}

@article{Freeman1977,
  author  = {Linton C. Freeman},
  title   = {A set of measures of centrality based on betweenness},
  journal = {Sociometry},
  volume  = {40},
  pages   = {35--41},
  year    = {1977}
}

@article{Katz1953,
  author  = {Leo Katz},
  title   = {A new status index derived from sociometric analysis},
  journal = {Psychometrika},
  volume  = {18},
  pages   = {39--43},
  year    = {1953}
}

@article{Newman2005,
  author  = {M. E. J. Newman},
  title   = {A measure of betweenness centrality based on random walks},
  journal = {Social Networks},
  volume  = {27},
  pages   = {39--54},
  year    = {2005}
}

@book{DoyleSnell1984,
  author    = {Peter G. Doyle and J. Laurie Snell},
  title     = {Random Walks and Electric Networks},
  year      = {1984},
  publisher = {Mathematical Association of America},
  address   = {Washington, DC}
}

@article{BenjaminiHochberg1995,
  author  = {Yoav Benjamini and Yosef Hochberg},
  title   = {Controlling the false discovery rate: a practical and powerful approach to multiple testing},
  journal = {Journal of the Royal Statistical Society, Series B},
  volume  = {57},
  pages   = {289--300},
  year    = {1995}
}

@article{JavanmardMontanari2018,
  author  = {Adel Javanmard and Andrea Montanari},
  title   = {Online rules for control of false discovery rate and false discovery exceedance},
  journal = {Proceedings of the National Academy of Sciences},
  volume  = {115},
  year    = {2018}
}

@inproceedings{RamdasEtAl2018,
  author    = {Aaditya Ramdas and Jelena Zrnic and Tong Zhang and Michael I. Jordan},
  title     = {{SAFFRON}: an adaptive algorithm for online control of the false discovery rate},
  booktitle = {International Conference on Artificial Intelligence and Statistics (AISTATS)},
  year      = {2018}
}

@book{BassevilleNikiforov1993,
  author    = {Mich{\`e}le Basseville and Igor V. Nikiforov},
  title     = {Detection of Abrupt Changes: Theory and Application},
  year      = {1993},
  publisher = {Prentice Hall},
  address   = {Englewood Cliffs, NJ}
}

@article{Page1954,
  author  = {E. S. Page},
  title   = {Continuous inspection schemes},
  journal = {Biometrika},
  volume  = {41},
  pages   = {100--115},
  year    = {1954}
}

@book{Debord1967,
  author    = {Guy Debord},
  title     = {La soci{\'e}t{\'e} du spectacle},
  year      = {1967},
  publisher = {Buchet--Chastel},
  address   = {Paris},
  note      = {English translation: \textit{The Society of the Spectacle}, Zone Books, 1994}
}

@article{Goffman1955,
  author  = {Erving Goffman},
  title   = {On face-work: an analysis of ritual elements in social interaction},
  journal = {Psychiatry},
  volume  = {18},
  pages   = {213--231},
  year    = {1955}
}

@article{NoelleNeumann1974,
  author  = {Elisabeth Noelle-Neumann},
  title   = {The spiral of silence: a theory of public opinion},
  journal = {Journal of Communication},
  volume  = {24},
  pages   = {43--51},
  year    = {1974}
}

@article{SalganikDoddsWatts2006,
  author  = {Matthew J. Salganik and Peter Sheridan Dodds and Duncan J. Watts},
  title   = {Experimental study of inequality and unpredictability in an artificial cultural market},
  journal = {Science},
  volume  = {311},
  pages   = {854--856},
  year    = {2006}
}