% Published works
@article{Young1993,
  author  = {Young, P. H.},
  title   = {The Evolution of Conventions},
  journal = {Econometrica},
  year    = {1993}
}

@article{Kandori1993,
  author  = {Kandori, M. and Mailath, G. J. and Rob, R.},
  title   = {Learning, Mutation, and Long Run Equilibria in Games},
  journal = {Econometrica},
  year    = {1993}
}

@article{Blackwell1953,
  author  = {Blackwell, D.},
  title   = {Equivalent Comparisons of Experiments},
  journal = {Annals of Mathematical Statistics},
  year    = {1953}
}

@book{Topkis1998,
  author    = {Topkis, D.},
  title     = {Supermodularity and Complementarity},
  publisher = {Princeton University Press},
  year      = {1998}
}

@article{MilgromShannon1994,
  author  = {Milgrom, P. and Shannon, C.},
  title   = {Monotone Comparative Statics},
  journal = {Econometrica},
  year    = {1994}
}

@article{Dobrushin1956,
  author  = {Dobrushin, R.},
  title   = {Central Limit Theorem for Nonstationary Markov Chains},
  journal = {Theory of Probability and its Applications},
  year    = {1956}
}

@book{Villani2009,
  author    = {Villani, C.},
  title     = {Optimal Transport},
  publisher = {Springer},
  year      = {2009}
}

@book{CoverThomas2006,
  author    = {Cover, T. M. and Thomas, J. A.},
  title     = {Elements of Information Theory},
  publisher = {Wiley},
  year      = {2006}
}

@book{Borkar2008,
  author    = {Borkar, V. S.},
  title     = {Stochastic Approximation},
  publisher = {Cambridge University Press},
  year      = {2008}
}

@unpublished{VanHandel2014,
  author = {van Handel, R.},
  title  = {Probability in High Dimension},
  note   = {Princeton Lecture Notes},
  year   = {2014}
}

% Internal manuscripts
@unpublished{MeasureContracts,
  author = {Elliott, Jacob Alexander},
  title  = {Measure-Theoretic Compile-Time Safety Contracts for Decision Kernels},
  note   = {Manuscript},
  year   = {2025}
}

@unpublished{GradedEffects,
  author = {Elliott, Jacob Alexander},
  title  = {A Typed, Contract-Indexed, Graded Effect Calculus for Safe Composition},
  note   = {Manuscript},
  year   = {2025}
}

@unpublished{FlowCentrality,
  author = {Elliott, Jacob Alexander},
  title  = {Measure-Theoretic Flow Centrality},
  note   = {Manuscript},
  year   = {2025}
}

@unpublished{FICurvature,
  author = {Elliott, Jacob Alexander},
  title  = {Fisher-Information Geometry and Curvature Diagnostics},
  note   = {Manuscript},
  year   = {2025}
}

@unpublished{DriftValidity,
  author = {Elliott, Jacob Alexander},
  title  = {Ergodic Metric Drift as a Path Validity Engine: Finite Graphs},
  note   = {Manuscript},
  year   = {2025}
}

@unpublished{IdiomProj,
  author = {Elliott, Jacob Alexander},
  title  = {Idiom Projections on Finite Paths and Fisher-Information Transport},
  note   = {Manuscript},
  year   = {2025}
}

@unpublished{TCPS,
  author = {Elliott, Jacob Alexander},
  title  = {Temperament-Conditioned Policy Search},
  note   = {Manuscript},
  year   = {2025}
}

@unpublished{MurphyBudgeting,
  author = {Elliott, Jacob Alexander},
  title  = {Parallel Murphy Budgeting for Experimental Design},
  note   = {Manuscript},
  year   = {2025}
}